<?xml version="1.0" encoding="UTF-8"?><collection xmlns="http://www.loc.gov/MARC21/slim"><record><leader>00402nam--2200145-i-4500</leader><controlfield tag="001">000026793</controlfield><controlfield tag="002">20161230</controlfield><controlfield tag="005">20161230201036</controlfield><controlfield tag="008">060222s1000------------r-----000-0-eng-d</controlfield><datafield ind1=" " ind2=" " tag="080"><subfield code="a">517</subfield></datafield><datafield ind1=" " ind2=" " tag="100"><subfield code="a">Kline, Morris</subfield></datafield><datafield ind1=" " ind2=" " tag="245"><subfield code="a">CALCULUS: AN INTUITIVE AND PHYSICAL APPROACH Part one</subfield></datafield><datafield ind1=" " ind2=" " tag="260"><subfield code="a">New York, John Wiley&amp; Sons, Inc., 1967, Xiii + 547p</subfield></datafield><datafield ind1=" " ind2=" " tag="852"><subfield code="a">27457</subfield><subfield code="c">512</subfield></datafield><datafield ind1=" " ind2=" " tag="CAT"><subfield code="a">Sys</subfield><subfield code="c">20080508</subfield><subfield code="h">130020</subfield></datafield></record></collection>